@string{ASPLOS = " International Conference on Architectural support for programming languages and operating systems ({ASPLOS})"}
@string{ISCA = " International Symposium on Computer Architecture ({ISCA})"}
@string{ICS = " International Conference on Supercomputing ({ICS})"}
@string{PLDI = "Programming Language Design and Implementation ({PLDI})"}
@string{CGO = "Code Generation and Optimization ({CGO})"}
@string{CC = "Compiler Construction ({CC})"}
@string{PACT = "International Conference on Parallel Architectures and Compilation Techniques({PACT})"}

@inproceedings{Cintra00,
  author =  { Marcelo Cintra and Jose Martinez and Josep Torrellas},
  title =  {{Architectural Support for Scalable Speculative Parallelization in Shared-Memory Multiprocessors}},
  booktitle = ISCA,
  month = {Jun},
  year={2000},
  pages={13--24},
}

@inproceedings{steffanISCA00,
 author = {J. Greggory Steffan and Christopher Colohan and Antonia Zhai and Mowry Todd },
 title = {A scalable approach to thread-level speculation},
 booktitle = ISCA,
 year = {2000},
 pages = {1--12},
} 

@inproceedings{Gopal,
  author = { Gopal Vijaykumar and  Smith and Sohi},
  title =  { Speculative Versioning Cache },
  booktitle = {International Symposium on High-Performance Computer Architecture},
  month = {Feb},
  year={1998},
  pages={195--205},
}

@inproceedings{XekalakisICS09,
 author = { Polychronis Xekalakis and  Nikolas Ioannou and  Marcelo Cintra},
 title = {Combining thread level speculation helper threads and runahead execution},
 booktitle = ICS,
 year = {2009},
 pages = {410--420},
} 

@inproceedings{BerubeCP,
 author = {Paul Berube  and Adam Preuss  and Jose Nelson Amaral},
 title = {Combined profiling: practical collection of feedback information for code optimization},
 booktitle = {Proceedings of the second joint {WOSP/SIPEW} International Conference on Performance engineering},
 year = {2011},
 pages = {493--498},
address = {Karlshure, Germany},
} 

@inproceedings{sd3,
 author = { Minjang Kim  and Hyesoon Kim and Chi-Keung Luk},
 title = {{SD3: A Scalable Approach to Dynamic Data-Dependence Profiling}},
 booktitle = {Proceedings of the 2010 43rd Annual IEEE/ACM International Symposium on Microarchitecture},
 year = {2010},
 pages = {535-546},
} 

@inproceedings{ itest,
AUTHOR = {Xiangyun Kong and David Klappholz and Kleanthis Psarris},
booktitle={{International Conference on Parallel Processing (ICPP)}},
TITLE = {{The I Test: A New Test for Subscript Data Dependence}},
PAGES = {204-211},
YEAR = {1990}, 
}

@inproceedings{lrpdtest,
    author = {Lawrence Rauchwerger and David Padua},
    title = {{The LRPD Test: Speculative Run-Time Parallelization of Loops with Privatization and Reduction Parallelization}},
    booktitle = PLDI,
    year = {1995},
    pages = {218-232},
}

@inproceedings{omega,
    author = {W Pugh},
    title = {The Omega test: a fast and practical integer programming algorithm for dependence analysis},
    booktitle = ICS,
    month = {Aug},
    year = {1991},
    pages = {4-13},
}

@misc{bernstein,
	author = {Wikipedia},
	title = {Data Dependency},
	note = {http://en.wikipedia.org/wiki/Data\_dependency},
}
@misc{biobench,
	author = {University of Maryland and Intel},
	title = {BioBench/BioParallel: A Benchmark Suite for Bioinformatics Applications},
	note = {http://www.ece.umd.edu/biobench/},
}


@article{ARB,
 author = {Franklin, Manoj and Sohi, Gurindar S.},
 title = {{ARB: A Hardware Mechanism for Dynamic Reordering of Memory References}},
 journal = {IEEE Trans. Comput.},
 volume = {45},
 number = {5},
 month = {May},
 year = {1996},
 pages = {552--571},
} 
@inproceedings{Hydra,
 author = {Hammond, Lance and Willey, Mark and Olukotun, Kunle},
 title = {Data speculation support for a chip multiprocessor},
 booktitle = ASPLOS,
 year = {1998},
 address = {San Jose, California, USA},
 pages = {58--69},
} 

@inproceedings{bulk,
 author = {Ceze, Luis and Tuck, James and Torrellas, Josep and Cascaval, Calin},
 title = {{Bulk Disambiguation of Speculative Threads in Multiprocessors}},
 booktitle = ISCA,
 year = {2006},
 pages = {227--238},
 address = {Boston, MA, USA},
} 

@inproceedings{value_communication,
 author = {Steffan, J. Gregory and Colohan, Christopher B. and Zhai, Antonia and Mowry, Todd C.},
 title = {{Improving Value Communication for Thread-Level Speculation}},
 booktitle = {Proceedings of the 8th International Symposium on High-Performance Computer Architecture},
 year = {2002},
 pages = {65--76},
 address={Cambridge, Mass,USA},
} 
@inproceedings{colohan1,
 author = {Christopher Colohan},
 title = {{The Impact of Thread Size and Selection on the Performance of Thread-Level Speculation}},
 booktitle = {Systems Design and Implementation seminar},
 year = {2003},
 month={Feb},
 address = {CMU},
}
@inproceedings{olukotun,
 author = {Olukotun, K. and Hammond, L and Willey, M},
 title = {{Improving the Performance of Speculatively Parallel Applications on the Hydra CMP}},
 booktitle = ICS,
 year = {1999},
 month={June},
 pages = {21--30},
 address = {Rhodes, Greece},
}
@inproceedings{chen1,
 author = {Chen, Michael K. and Olukotun, Kunle},
 title = {{The Jrpm system for dynamically parallelizing Java programs}},
 booktitle = ISCA,
 year = {2003},
 address = {San Diego, California},
 pages = {434--446},
} 
@inproceedings{mincut,
 author = {Johnson, Troy A. and Eigenmann, Rudolf and Vijaykumar, T. N.},
 title = {Min-cut program decomposition for thread-level speculation},
 booktitle = PLDI,
 year = {2004},
 address = {Washington DC, USA},
 pages = {59--70},
} 
@inproceedings{marcuello,
 author = {Marcuello, Pedro and Gonz\'{a}lez, Antonio and Tubella, Jordi},
 title = {{Speculative multithreaded processors}},
 booktitle = ICS,
 year = {1998},
 address = {Melbourne, Australia},
 pages = {77--84},
} 
@article{loopselection,
year={2006},
journal={Languages and Compilers for Parallel Computing},
volume={4339},
series={Lecture Notes in Computer Science},
title={{Loop Selection for Thread-Level Speculation}},
publisher={Springer Berlin Heidelberg},
author={Wang, Shengyue and Dai, Xiaoru and Yellajyosula, KiranS. and Zhai, Antonia and Yew, Pen-Chung},
pages={289--303}
}
@inproceedings{ju_spec,
 author = {Ju, Roy Dz-ching and Nomura, Kevin and Mahadevan, Uma and Wu, Le-Chun},
 title = {{A Unified Compiler Framework for Control and Data Speculation}},
 booktitle = PACT,
 year = {2000},
 pages = {157--168},
address={Philadelphia, Pennsylvania, USA},
} 
@inproceedings{chen_spec,
booktitle=CC,
year={2004},
title={Data Dependence Profiling for Speculative Optimizations},
author={Chen, Tong and Lin, Jin and Dai, Xiaoru and Hsu, Wei-Chung and Yew, Pen-Chung},
pages={57-72},
address={Barcelona, Spain},
month ={Mar-Apr},
}
@inproceedings{lin_spec,
 author = {Lin, Jin and Chen, Tong and Hsu, Wei-Chung and Yew, Pen-Chung and Ju, Roy Dz-Ching and Ngai, Tin-Fook and Chan, Sun},
 title = {A compiler framework for speculative analysis and optimizations},
 booktitle = PLDI,
 year = {2003},
  month = {Jun},
 address = {San Diego, California, USA},
 pages = {289--299},
} 
@inproceedings{multiscalar,
 author = {Vijaykumar, T. N. and Sohi, Gurindar S.},
 title = {Task selection for a multiscalar processor},
 booktitle = {Proceedings of the 31st annual ACM/IEEE international symposium on Microarchitecture(MICRO)},
 year = {1998},
 address = {Dallas, Texas, USA},
 pages = {81--92},
} 
@inproceedings{SPSM,
 author = {Dubey, Pradeep K. and O'Brien, Kevin and O'Brien, Kathryn M. and Barton, Charles},
 title = {{Single-program speculative multithreading (SPSM) architecture: compiler-assisted fine-grained multithreading}},
 booktitle = PACT,
 year = {1995},
 address = {Limassol, Cyprus},
 pages = {109--121},
}
@inproceedings{bhowmik,
 author = {Bhowmik, Anasua and Franklin, Manoj},
 title = {A general compiler framework for speculative multithreading},
 booktitle = {Proceedings of the fourteenth annual ACM symposium on Parallel algorithms and architectures(SPAA)},
 year = {2002},
 address = {Winnipeg, Manitoba, Canada},
 pages = {99--108},
} 
@inproceedings{du_spec,
 author = {Du, Zhao-Hui and Lim, Chu-Cheow and Li, Xiao-Feng and Yang, Chen and Zhao, Qingyu and Ngai, Tin-Fook},
 title = {A cost-driven compilation framework for speculative parallelization of sequential programs},
 booktitle = PLDI,
 year = {2004},
 address = {Washington DC, USA},
 pages = {71--81},
} 
@inproceedings{mitosis,
 author = {Quinones, Carlos Garcia and Madriles, Carlos and S\'{a}nchez, Jes\'{u}s and Marcuello, Pedro and Gonz\'{a}lez, Antonio and Tullsen, Dean M.},
 title = {Mitosis compiler: an infrastructure for speculative threading based on pre-computation slices},
 booktitle = PLDI,
 year = {2005},
 address = {Chicago, IL, USA},
 pages = {269--279},
} 
@article{dprof,
 author = {Wu, Peng and Kejariwal, Arun and Ca\c{s}caval, C\u{a}lin},
 title = {{Compiler-Driven Dependence Profiling to Guide Program Parallelization}},
 journal = {Languages and Compilers for Parallel Computing},
 year = {2008},
 pages = {232--248},
} 
@inproceedings{posh,
 author = {Liu, Wei and Tuck, James and Ceze, Luis and Ahn, Wonsun and Strauss, Karin and Renau, Jose and Torrellas, Josep},
 title = {{POSH: a TLS compiler that exploits program structure}},
 booktitle = {Proceedings of the eleventh ACM SIGPLAN symposium on Principles and practice of parallel programming(PPoPP)},
 year = {2006},
 address = {New York, New York, USA},
 pages = {158--167},
} 
@inproceedings{vanka,
 author = {Vanka, Rajeshwar and Tuck, James},
 title = {Efficient and accurate data dependence profiling using software signatures},
 booktitle = CGO,
 year = {2012},
 address = {San Jose, California},
 pages = {186--195},
} 
@inproceedings{sd, 
author={Minjang Kim and Hyesoon Kim and Chi Keung Luk}, 
booktitle={International Symposium on Microarchitecture (MICRO)}, 
title={{SD3: A Scalable Approach to Dynamic Data-Dependence Profiling}}, 
year={2010}, 
month={Dec}, 
pages={535--546}, 
}

@misc{llvm,
	author = {Chris Lattner},
	title = {The LLVM Compiler Infrastructure},
	note = {http://llvm.org},
}
@misc{spec,
	title = {SPEC2006 Benchmark suite},
	note = {http://www.spec.org/cpu2006/},
}
@misc{polybench,
	author = {Louis-No{\"e}l Pouchet},
	title = {PolyBench/C Benchmarks},
	note = {http://www.cse.ohio-state.edu/~pouchet/software/polybench/},
}
@InProceedings{grosserImpact11,
  author ={ Tobias Grosser and Hongbin Zheng and Raghesh A and Andreas Simb\"{u}rger and Armin Grosslinger and  Louis-No{\"e}l Pouchet},
  title = 	 { {Polly - Polyhedral optimization in LLVM} },
  booktitle = { International Workshop on Polyhedral Compilation Techniques (IMPACT)},
  address = { Chamonix, France},
  month =  {Apr},
  year =  {2011},
}

@ARTICLE{BGQ, 
author={Haring, R.A. and Ohmacht, M. and Fox, T.W. and Gschwind, M.K. and Satterfield, D.L. and Sugavanam, K. and Coteus, P.W. and Heidelberger, P. and Blumrich, M.A. and Wisniewski, R.W. and Gara, A. and Chiu, G.L.-T. and Boyle, P.A. and Chist, N.H. and Changhoan Kim}, 
journal={Micro, IEEE}, 
title={The {IBM Blue Gene/Q} Compute Chip}, 
year={2012}, 
month={March-April }, 
volume={32}, 
number={2}, 
pages={48 -60}, 
}

